@manual{man:uni2023,
    title = {Manual de Laboratorio},
    organization = {Universidad Nacional de Ingeniería, Facultad de Ciencias, Escuela de Química},
    year = {2023},
}
@book{book:chang2013,
    author = {Raymond Chang and Kenneth Goldsby},
    title = {Química},
    publisher = {McGraw-Hill Interamericana de España S. L.},
    edition = {11},
    year = {2013},
}
@book{book:petrucci2017,
    author = {Ralph H. Petrucci and F. Geoffrey Herring and Jeffry D. Madura and Carey Bissonnette},
    title = {Química General},
    publisher = {PEARSON EDUCACIÓN, S. A.},
    edition = {11},
    year = {2017},
}
@book{book:maron2002,
    author = {Samuel H. Maron and Carl F. Prutton},
    title = {Fundamentos de FIsicoquímica},
    publisher = {Editorial Limusa, S. A. de C. V.},
    year = {2002},
}
